<?xml version="1.0" encoding="UTF-8"?><collection xmlns="http://www.loc.gov/MARC21/slim"><record><leader>00325nam--2200121-i-4500</leader><controlfield tag="001">000007073</controlfield><controlfield tag="002">20161230</controlfield><controlfield tag="005">20161230201027</controlfield><controlfield tag="008">060222s1000------------r-----000-0-eng-d</controlfield><datafield ind1=" " ind2=" " tag="100"><subfield code="a">Conte, F</subfield></datafield><datafield ind1=" " ind2=" " tag="245"><subfield code="a">Experience pratique du functionnement des reacteurs de puissance</subfield></datafield><datafield ind1=" " ind2=" " tag="260"><subfield code="a">Paris, C.E.A, 1963 27 P. + 1 Pl</subfield></datafield><datafield ind1=" " ind2=" " tag="852"><subfield code="a">21128</subfield></datafield></record></collection>